%comment{This file was created with betterbib v3.2.1.}

@article{cam16,
 author = {Li, Changjun and Li, Zhiqiang and Wang, Zhifeng and Xu, Yang and Luo, Ming Ronnier and Cui, Guihua and Melgosa, Manuel and Brill, Michael H. and Pointer, Michael},
 title = {Comprehensive color solutions: {Cam16,} {CAT16,} and {CAM16}-{UCS}},
 doi = {10.1002/col.22131},
 number = {6},
 pages = {703-718},
 source = {Crossref},
 url = {https://doi.org/10.1002/col.22131},
 volume = {42},
 journal = {Color Res Appl},
 publisher = {Wiley-Blackwell},
 issn = {0361-2317},
 year = {2017},
 month = jun,
}

